@article{tree2016,
  author  = {Jahn,Katharina and Kuipers, Jack and Beerenwinkel, Niko},
  title   = "Tree inference for single-cell data",
  journal = "Genome Biology",
  year    = 2016,
  volume  = "17",
  number  = "86"
}

@inproceedings{yu-kw-03a,
    Author = {C. W. Yu and K. H. Kwong and K. H. Lee and P. H. W. Leong},
    Title = {A {Smith-Waterman} Systolic Cell},
    Booktitle = {Proc. Int. Conf. on Field Programmable Logic and Applications (FPL)},
    Year = {2003},
    Pages = {375--384},
    Number = {2778},
    Series = {LNCS},
    Publisher = {Springer},
    Address = {Berlin / Heidelberg},
    Keywords = {accelerator, smith-waterman},
    Date-Added = {2008-12-15 15:44:24 +0100},
    Date-Modified = {2008-12-15 15:44:24 +0100},
    Doi = {http://dx.doi.org/10.1007/b12007}}

@inproceedings{zh-ta-07a,
    Author = {Peiheng Zhang and Guangming Tan and Guang R. Gao},
    Title = {Implementation of the {Smith-Waterman} Algorithm on a Reconfigurable Supercomputing Platform},
    Booktitle = {Proc. Int. Workshop on High-Performance Reconfigurable Computing Technology and Applications (HPRCTA)},
    Year = {2007},
    Pages = {39--48},
    Publisher = {Association for Computing Machinery (ACM)},
    Address = {New York, NY, USA},
    Keywords = {speedup, smith-waterman, bioinformatics, accelerator, HPC},
    Date-Added = {2008-12-15 15:45:45 +0100},
    Date-Modified = {2008-12-15 15:45:45 +0100},
    Doi = {http://dx.doi.org/10.1145/1328554.1328565},
    Isbn = {978-1-59593-894-7},
    Location = {Reno, Nevada}}

@article{ja-la-08a,
    Author = {Jacob, Arpith and Lancaster, Joseph and Buhler, Jeremy and Harris, Brandon and Chamberlain, Roger D.},
    Title = {Mercury {BLASTP}: Accelerating Protein Sequence Alignment},
    Journal = {ACM Transactions on Reconfigurable Technology and Systems (TRETS)},
    Year = {2008},
    Volume = {1},
    Number = {2},
    Pages = {9:1--9:44},
    Month = {June},
    Keywords = {Bioinformatics, biological sequence alignment},
    Acmid = {1371581},
    Address = {New York, NY, USA},
    Articleno = {9},
    Date-Added = {2016-01-05 18:21:10 +0000},
    Date-Modified = {2016-01-05 18:21:51 +0000},
    Doi = {10.1145/1371579.1371581},
    Issn = {1936-7406},
    Issue_Date = {June 2008},
    Numpages = {44},
    Publisher = {Association for Computing Machinery (ACM)},
    Url = {http://doi.acm.org/10.1145/1371579.1371581}}

@inproceedings{gu-la-19a,
    Author = {Guo, Licheng and Lau, Jason and Ruan, Zhenyuan and Wei, Peng and Cong, Jason},
    Title = {Hardware Acceleration of Long Read Pairwise Overlapping in Genome Sequencing: A Race Between FPGA and GPU},
    Booktitle = {Proc. IEEE Symp. on Field-Programmable Custom Computing Machines (FCCM)},
    Year = {2019},
    Pages = {127-135},
    Date-Added = {2023-03-16 11:20:33 +0100},
    Date-Modified = {2023-03-16 11:20:47 +0100},
    Doi = {10.1109/FCCM.2019.00027}}

@article{ku-ja-17a,
    Author = {Jack Kuipers and Katharina Jahn and Benjamin J Raphael and Niko Beerenwinkel},
    Title = {Single-cell sequencing data reveal widespread recurrence and loss of mutational hits in the life histories of tumors},
    Journal = {Genome research},
    Year = {2017},
    Volume = {27},
    Number = {11},
    Pages = {1885-1894},
    Date-Added = {2023-03-31 14:03:42 +0200},
    Date-Modified = {2023-03-31 14:07:28 +0200},
    Doi = {10.1101/gr.220707.117}
}
